@article{toral2009empirical,
  title={An empirical study of the driving forces behind online communities},
  author={Toral, Sergio L and Roc{\'\i}o Mart{\'\i}nez-Torres, M and Barrero, Federico and Cort{\'e}s, Francisco},
  journal={Internet Research},
  volume={19},
  number={4},
  pages={378--392},
  year={2009},
  publisher={Emerald Group Publishing Limited}
}
@article{ganley2009ties,
  title={The ties that bind: Social network principles in online communities},
  author={Ganley, Dale and Lampe, Cliff},
  journal={Decision Support Systems},
  volume={47},
  number={3},
  pages={266--274},
  year={2009},
  publisher={Elsevier}
}
@book{burt2005brokerage,
  title={Brokerage and closure: An introduction to social capital},
  author={Burt, Ronald S},
  year={2005},
  publisher={OUP Oxford}
}
@article{oh2004group,
  title={Group social capital and group effectiveness: The role of informal socializing ties},
  author={Oh, Hongseok and Chung, Myung-Ho and Labianca, Giuseppe},
  journal={Academy of management journal},
  volume={47},
  number={6},
  pages={860--875},
  year={2004},
  publisher={Academy of Management}
}